<?xml version="1.0" encoding="UTF-8"?><collection xmlns="http://www.loc.gov/MARC21/slim"><record><leader>00420nam--2200145-i-4500</leader><controlfield tag="001">000009937</controlfield><controlfield tag="002">20161230</controlfield><controlfield tag="005">20161230201028</controlfield><controlfield tag="008">060222s1000------------r-----000-0-eng-d</controlfield><datafield ind1=" " ind2=" " tag="080"><subfield code="a">543:546.9</subfield></datafield><datafield ind1=" " ind2=" " tag="100"><subfield code="a">Beamish, F.E</subfield></datafield><datafield ind1=" " ind2=" " tag="245"><subfield code="a">The analytical chemistry of the noble metals</subfield></datafield><datafield ind1=" " ind2=" " tag="260"><subfield code="a">Oxford, Pergamon Press, 1966 Xiv + 608 P</subfield></datafield><datafield ind1=" " ind2=" " tag="490"><subfield code="a">International Series Of Monographs In Analytic Al Chemistry</subfield></datafield><datafield ind1=" " ind2=" " tag="852"><subfield code="a">35985</subfield></datafield></record></collection>